@inproceedings{ ywiw,
       title = {Composable and Compilable Macros: You Want it When?},
       author = {Flatt, Matthew},
       booktitle = {Proceedings of the ACM Intl. Conf. Functional Programming},
       pages = {72-83},
       year = {2002} }

@misc{ euterp,
       title = {Euterpea},
       author = {Hudak, Paul},
       url =  {http://euterpea.com},
       year = {2014} }
